<collection xmlns="http://www.loc.gov/MARC21/slim">
   <record>
      <leader>02886nam a2200469 i 4500</leader>
      <controlfield tag="001">6786177</controlfield>
      <controlfield tag="003">FlBoTFG</controlfield>
      <controlfield tag="005">20150115163112.0</controlfield>
      <controlfield tag="006">m|||||o||d||||||||</controlfield>
      <controlfield tag="007">cr||||</controlfield>
      <controlfield tag="008">150115t20152015fluad   ob    001 0 eng d</controlfield>
      <datafield ind1=" " ind2=" " tag="020">
         <subfield code="a">9781439852279 (e-book : PDF)</subfield>
      </datafield>
      <datafield ind1=" " ind2=" " tag="035">
         <subfield code="a">ocn900602589</subfield>
      </datafield>
      <datafield ind1=" " ind2=" " tag="039">
         <subfield code="a">exclude</subfield>
      </datafield>
      <datafield ind1=" " ind2=" " tag="040">
         <subfield code="a">FlBoTFG</subfield>
         <subfield code="b">eng</subfield>
         <subfield code="e">rda</subfield>
         <subfield code="c">FlBoTFG</subfield>
         <subfield code="d">AEU</subfield>
      </datafield>
      <datafield ind1=" " ind2="4" tag="050">
         <subfield code="a">TN871</subfield>
         <subfield code="b">.P43 2015</subfield>
      </datafield>
      <datafield ind1=" " ind2=" " tag="090">
         <subfield code="a">Internet Access</subfield>
         <subfield code="b">AEU</subfield>
      </datafield>
      <datafield ind1="1" ind2=" " tag="100">
         <subfield code="a">Pedersen, K. S.</subfield>
         <subfield code="q">(Karen Schou),</subfield>
         <subfield code="e">author.</subfield>
         <subfield code="0">http://id.loc.gov/authorities/names/n87862789</subfield>
         <subfield code="0">http://viaf.org/viaf/92458060</subfield>
      </datafield>
      <datafield ind1="1" ind2="0" tag="245">
         <subfield code="a">Phase behavior of petroleum reservoir fluids /</subfield>
         <subfield code="c">Karen Schou Pedersen, Peter L. Christensen, Jawad Azeem Shaikh.</subfield>
      </datafield>
      <datafield ind1=" " ind2=" " tag="250">
         <subfield code="a">2nd edition.</subfield>
      </datafield>
      <datafield ind1=" " ind2="1" tag="264">
         <subfield code="a">Boca Raton, FL :</subfield>
         <subfield code="b">CRC Press :</subfield>
         <subfield code="b">Taylor &amp; Francis Group,</subfield>
         <subfield code="c">2015.</subfield>
      </datafield>
      <datafield ind1=" " ind2="4" tag="264">
         <subfield code="c">©2015</subfield>
      </datafield>
      <datafield ind1=" " ind2=" " tag="300">
         <subfield code="a">1 online resource.</subfield>
      </datafield>
      <datafield ind1=" " ind2=" " tag="336">
         <subfield code="a">text</subfield>
         <subfield code="2">rdacontent</subfield>
         <subfield code="0">http://id.loc.gov/vocabulary/contentTypes/txt</subfield>
      </datafield>
      <datafield ind1=" " ind2=" " tag="337">
         <subfield code="a">computer</subfield>
         <subfield code="2">rdamedia</subfield>
         <subfield code="0">http://id.loc.gov/vocabulary/mediaTypes/c</subfield>
      </datafield>
      <datafield ind1=" " ind2=" " tag="338">
         <subfield code="a">online resource</subfield>
         <subfield code="2">rdacarrier</subfield>
         <subfield code="0">http://id.loc.gov/vocabulary/carriers/cr</subfield>
      </datafield>
      <datafield ind1=" " ind2=" " tag="504">
         <subfield code="a">Includes bibliographical references and index.</subfield>
      </datafield>
      <datafield ind1="0" ind2=" " tag="505">
         <subfield code="a">Petroleum reservoir fluids -- Sampling, quality control, and compositional analyses -- PVT experiments -- Equations of state -- C[subscript 7+] characterization -- Flash and phase envelope calculations -- PVT simulation -- Physical properties -- Regression to experimental PVT data -- Transport properties -- Wax formation -- Asphaltenes -- Gas hydrates -- Compositional variations with depth -- Minimum miscibility pressure -- Formation water and hydrate inhibitors -- Scale precipitation.</subfield>
      </datafield>
      <datafield ind1=" " ind2=" " tag="506">
         <subfield code="a">Access restricted to authorized users and institutions.</subfield>
      </datafield>
      <datafield ind1=" " ind2=" " tag="596">
         <subfield code="a">44</subfield>
      </datafield>
      <datafield ind1=" " ind2="0" tag="650">
         <subfield code="a">Petroleum</subfield>
         <subfield code="x">Geology</subfield>
         <subfield code="x">Mathematical models.</subfield>
         <subfield code="0">http://id.loc.gov/authorities/subjects/sh2010105867</subfield>
      </datafield>
      <datafield ind1=" " ind2="0" tag="650">
         <subfield code="a">Phase rule and equilibrium.</subfield>
         <subfield code="0">http://id.loc.gov/authorities/subjects/sh85100643</subfield>
      </datafield>
      <datafield ind1=" " ind2="0" tag="650">
         <subfield code="a">Thermodynamic equilibrium.</subfield>
         <subfield code="0">http://id.loc.gov/authorities/subjects/sh85134781</subfield>
      </datafield>
      <datafield ind1=" " ind2="0" tag="650">
         <subfield code="a">Heavy oil.</subfield>
         <subfield code="0">http://id.loc.gov/authorities/subjects/sh98005609</subfield>
      </datafield>
      <datafield ind1=" " ind2="0" tag="650">
         <subfield code="a">Hydrocarbons.</subfield>
         <subfield code="0">http://id.loc.gov/authorities/subjects/sh85063372</subfield>
      </datafield>
      <datafield ind1="1" ind2=" " tag="700">
         <subfield code="a">Christensen, Peter L.</subfield>
         <subfield code="q">(Peter Lindskou),</subfield>
         <subfield code="e">contributor.</subfield>
         <subfield code="0">http://id.loc.gov/authorities/names/n2006039720</subfield>
         <subfield code="0">http://viaf.org/viaf/14196189</subfield>
      </datafield>
      <datafield ind1="1" ind2=" " tag="700">
         <subfield code="a">Shaikh, Jawad Azeem,</subfield>
         <subfield code="e">contributor.</subfield>
         <subfield code="0">http://id.loc.gov/authorities/names/no2015026701</subfield>
         <subfield code="0">http://viaf.org/viaf/314908915</subfield>
      </datafield>
      <datafield ind1=" " ind2=" " tag="758">
         <subfield code="0">http://worldcat.org/entity/work/id/1192770</subfield>
      </datafield>
      <datafield ind1="0" ind2=" " tag="787">
         <subfield code="n">OCLC Work Id</subfield>
         <subfield code="o">http://worldcat.org/entity/work/id/1192770</subfield>
      </datafield>
      <datafield ind1="4" ind2="0" tag="856">
         <subfield code="3">University of Alberta Access</subfield>
         <subfield code="u">http://marc.crcnetbase.com/isbn/9781439852279</subfield>
         <subfield code="z">(Unlimited Concurrent Users)</subfield>
      </datafield>
      <datafield ind1=" " ind2=" " tag="949">
         <subfield code="h">UAIN</subfield>
         <subfield code="z">CRC</subfield>
      </datafield>
      <datafield ind1=" " ind2=" " tag="926">
         <subfield code="a">Internet Access</subfield>
         <subfield code="w">LC</subfield>
         <subfield code="c">1</subfield>
         <subfield code="i">6786177-1001</subfield>
         <subfield code="l">INTERNET</subfield>
         <subfield code="m">UAINTERNET</subfield>
         <subfield code="r">Y</subfield>
         <subfield code="s">Y</subfield>
         <subfield code="t">E-RESOURCE</subfield>
         <subfield code="u">1/20/2015</subfield>
         <subfield code="x">E-BOOK</subfield>
         <subfield code="z">CRC</subfield>
      </datafield>
   </record>
</collection>
